%%%%%%%% MANUALS %%%%%%%%%%%%%%%%
@book{noaa01,
  title={{NOAA diving manual: diving for science and technology}},
  author={Joiner, J.T.},
  isbn={0941332705},
  year={2001}
},
%%%%%%%%%%%%%%%%%%%%%%%%%%%%%%%%%
@book{ribas10,
  title={{Underwater slam for structured environments using an imaging sonar}},
  author={Ribas, D. and Ridao, P. and Neira, J.},
  isbn={3642140394},
  year={2010},
  publisher={Springer Verlag}
},
%%%%% GENERAL LITERATURE ON KALMAN AND NAVIGATION %%%%%%%
@book{grewal01,
  title={{Kalman filtering: theory and practice using MATLAB}},
  author={Grewal, M.S. and Andrews, A.P. and Ebooks Corporation},
  isbn={0471392545},
  year={2001},
  publisher={Wiley Online Library}
},
@book{ristic04,
  title={{Beyond the Kalman filter: Particle filters for tracking applications}},
  author={Ristic, B. and Arulampalam, S. and Gordon, N.},
  isbn={158053631X},
  year={2004},
  publisher={Artech House Publishers}
},
@book{farrell98,
	edition = {1},
	title = {{The Global Positioning System \& Inertial Navigation}},
	isbn = {9780070220454},
	publisher = {{McGraw-Hill} Professional},
	author = {Jay Farrell and Jay A. Farrell},
	month = dec,
	year = {1998}
},
%%%%%%%%%%%% LIT. REVIEW REFS. %%%%%%%%%%%%%%%%%
%%%%%%%%%%%%%% thesises %%%%%%%%%%%%%%%%%
@phdthesis{negenborn03,
  title={{Robot localization and kalman filters}},
  author={Negenborn, R.},
  year={2003},
  school={Citeseer}
},
@conference{bahr08,
  title={{Cooperative localization for autonomous underwater vehicles}},
  author={Bahr, A. and Leonard, J.},
  booktitle={Experimental Robotics},
  pages={387--395},
  year={2008},
  organization={Springer}
},
%%%%%%%%%%%%%% SURVEYS %%%%%%%%%%%%%%%%%
@conference{kinsey06,
  title={{A survey of underwater vehicle navigation: Recent advances and new challenges}},
  author={Kinsey, J.C. and Eustice, R.M. and Whitcomb, L.L.},
  booktitle={Proceedings of the 7th Conference on Maneuvering and Control of Marine Craft (MCMC’2006). IFAC, Lisbon},
  year={2006},
  organization={Citeseer}
},
@conference{whitcomb99,
  title={{Advances in underwater robot vehicles for deep ocean exploration: Navigation, control, and survey operations}},
  author={Whitcomb, L. and Yoerger, D. and Singh, H. and Howland, J.},
  booktitle={Navigation, Control and Survery Operations,” in The Ninth International Symposium on Robotics Research},
  year={1999},
  organization={Citeseer}
},
%%%%%%%%%%%%%%%%% PARTICULAR REFERENCES %%%%%%%%%%%%%%%%%%%%%%%%
@conference{drolet00,
  title={{Adaptable sensor fusion using multiple Kalman filters}},
  author={Drolet, L. and Michaud, F. and C{\^o}t{\'e}, J.},
  booktitle={Intelligent Robots and Systems, 2000.(IROS 2000). Proceedings. 2000 IEEE/RSJ International Conference on},
  volume={2},
  pages={1434--1439},
  isbn={0780363485},
  year={2000},
  organization={IEEE}
},
@conference{blain03,
  title={{Implementation of a ROV navigation system using acoustic/Doppler sensors and Kalman filtering}},
  author={Blain, M. and Lemieux, S. and Houde, R.},
  booktitle={OCEANS 2003. Proceedings},
  volume={3},
  pages={1255--1260},
  isbn={0933957300},
  year={2003},
  organization={IEEE}
},
@conference{diMassa97,
  title={{Terrain-relative navigation for autonomous underwater vehicles}},
  author={Di Massa, D.E. and Stewart Jr, WK},
  booktitle={OCEANS'97. MTS/IEEE Conference Proceedings},
  volume={1},
  pages={541--546},
  isbn={0780341082},
  year={1997},
  organization={IEEE}
},
@conference{eustice05,
  title={{Visually navigating the RMS Titanic with SLAM information filters}},
  author={Eustice, R. and Singh, H. and Leonard, J. and Walter, M. and Ballard, R.},
  booktitle={Proceedings of Robotics: Science and Systems},
  volume={2},
  year={2005},
  organization={Citeseer}
},
@conference{gade99,
  title={{An aided navigation post processing filter for detailed seabed mapping UUVs}},
  author={Gade, K. and Jalving, B.},
  booktitle={Autonomous Underwater Vehicles, 1998. AUV'98. Proceedings Of The 1998 Workshop on},
  pages={19--25},
  isbn={0780351908},
  year={1999},
  organization={IEEE}
},
@article{roman05,
  title={{Self consistent bathymetric mapping from robotic vehicles in the deep ocean}},
  author={Roman, C.N.},
  year={2005},
  publisher={Massachusetts Institute of Technology}
},
@conference{yun00,
  title={{An inertial navigation system for small autonomous underwater vehicles}},
  author={Yun, X. and Bachmann, E.R. and Arslan, S.},
  booktitle={Robotics and Automation, 2000. Proceedings. ICRA'00. IEEE International Conference on},
  volume={2},
  pages={1781--1786},
  isbn={0780358864},
  year={2000},
  organization={IEEE}
},
@conference{jakuba03,
  title={{High-resolution multibeam sonar mapping with the autonomous benthic explorer (ABE)}},
  author={Jakuba, M. and Yoerger, D.},
  booktitle={Proc. 13th Unmanned Untethered Submersible Technol. Conf},
  pages={2003}
},
@article{julier96,
  title={{A general method for approximating nonlinear transformations of probability distributions}},
  author={Julier, S. and Uhlmann, J.K.},
  journal={Robotics Research Group, Department of Engineering Science, University of Oxford, Oxford, OC1 3PJ United Kingdom, Tech. Rep},
  year={1996}
},
@conference{wan00,
  title={{The unscented Kalman filter for nonlinear estimation}},
  author={Wan, E.A. and Van Der Merwe, R.},
  booktitle={Adaptive Systems for Signal Processing, Communications, and Control Symposium 2000. AS-SPCC. The IEEE 2000},
  pages={153--158},
  isbn={0780358007},
  year={2000},
  organization={IEEE}
},
@conference{gordon93,
  title={{Novel approach to nonlinear/non-Gaussian Bayesian state estimation}},
  author={Gordon, N.J. and Salmond, D.J. and Smith, A.F.M.},
  booktitle={Radar and Signal Processing, IEE Proceedings F},
  volume={140},
  number={2},
  pages={107--113},
  issn={0956-375X},
  year={1993},
  organization={IET}
},
@article{arulampalam02,
  title={{A tutorial on particle filters for online nonlinear/non-Gaussian Bayesian tracking}},
  author={Arulampalam, M.S. and Maskell, S. and Gordon, N. and Clapp, T.},
  journal={Signal Processing, IEEE Transactions on},
  volume={50},
  number={2},
  pages={174--188},
  issn={1053-587X},
  year={2002},
  publisher={IEEE}
}
@book{doucet01,
  title={{Sequential Monte Carlo methods in practice}},
  author={Doucet, A. and De Freitas, N. and Gordon, N.},
  isbn={0387951466},
  year={2001},
  publisher={Springer Verlag}
},
@conference{karlsson02,
  title={{Particle filtering and Cramer-Rao lower bound for underwater navigation}},
  author={Karlsson, R. and Gusfafsson, F. and Karlsson, T.},
  booktitle={Acoustics, Speech, and Signal Processing, 2003. Proceedings.(ICASSP'03). 2003 IEEE International Conference on},
  volume={6},
  pages={VI--65},
  isbn={0780376633},
  issn={1520-6149},
  year={2002},
  organization={IEEE}
},
@conference{maurelli08,
  title={{A particle filter approach for AUV localization}},
  author={Maurelli, F. and Krupinski, S. and Petillot, Y. and Salvi, J.},
  booktitle={OCEANS 2008},
  pages={1--7},
  organization={IEEE}
},
@article{caiti05,
  title={{Localization of autonomous underwater vehicles by floating acoustic buoys: a set-membership approach}},
  author={Caiti, A. and Garulli, A. and Livide, F. and Prattichizzo, D.},
  journal={Oceanic Engineering, IEEE Journal of},
  volume={30},
  number={1},
  pages={140--152},
  issn={0364-9059},
  year={2005},
  publisher={IEEE}
},
@conference{erol07,
  title={{AUV-aided localization for underwater sensor networks}},
  author={Erol, M. and Vieira, L.F.M. and Gerla, M.},
  booktitle={Wireless Algorithms, Systems and Applications, 2007. WASA 2007. International Conference on},
  pages={44--54},
  year={2007},
  organization={IEEE}
},
@conference{whitcomb99combined,
  title={{Combined Doppler/LBL based navigation of underwater vehicles}},
  author={Whitcomb, L.L. and Yoerger, D.R. and Singh, H. and Howland, J.},
  booktitle={Proc. Int. Symp. on Unmanned Untethered Submersible Technology},
  year={1999},
  organization={Citeseer}
},
@article{eustice05large,
  title={{Large-area visually augmented navigation for autonomous underwater vehicles}},
  author={Eustice, R.M.},
  year={2005},
  publisher={Massachusetts Institute of Technology}
},
@conference{eustice05towards,
  title={{Towards bathymetry-optimized Doppler re-navigation for AUVs}},
  author={Eustice, R. and Camilli, R. and Singh, H.},
  booktitle={OCEANS, 2005. Proceedings of MTS/IEEE},
  pages={1430--1436},
  isbn={0933957343},
  year={2005},
  organization={IEEE}
},
@conference{williams06,
  title={{A terrain-aided tracking algorithm for marine systems}},
  author={Williams, S. and Mahon, I.},
  booktitle={Field and Service Robotics},
  pages={93--102},
  year={2006},
  organization={Springer}
},
@conference{ruiz01,
  title={{Feature extraction and data association for AUV concurrent mapping and localisation}},
  author={Ruiz, T. and Petillot, Y. and Lane, D.M. and Salson, C.},
  booktitle={Robotics and Automation, 2001. Proceedings 2001 ICRA. IEEE International Conference on},
  volume={3},
  pages={2785--2790},
  isbn={0780365763},
  issn={1050-4729},
  year={2001},
  organization={IEEE}
},
@conference{eustice05exactly,
  title={{Exactly sparse delayed-state filters}},
  author={Eustice, R.M. and Singh, H. and Leonard, J.J.},
  booktitle={Robotics and Automation, 2005. ICRA 2005. Proceedings of the 2005 IEEE International Conference on},
  pages={2417--2424},
  isbn={078038914X},
  year={2005},
  organization={IEEE}
}







